@online{xkcd,
    author = {xkcd},
    title = {xkcd programming jokes},
    year = 2016,
    url = {https://airbrake.io/blog/just-for-fun/best-programming-xkcd-comics},
    urldate = {12-11-2016}
}
